<?xml version="1.0"?>
<marc:records xmlns:marc="http://www.loc.gov/MARC21/slim" xmlns:xsi="http://www.w3.org/2001/XMLSchema-instance" xsi:schemaLocation="http://www.loc.gov/MARC21/slim http://www.loc.gov/standards/marcxml/schema/MARC21slim.xsd">
  <marc:record>
    <marc:leader>05096ntm a2200577Ia 4500</marc:leader>
    <marc:controlfield tag="001">9977809546003681</marc:controlfield>
    <marc:controlfield tag="005">20201008150900.0</marc:controlfield>
    <marc:controlfield tag="008">200929q17741775it            000 0 heb d</marc:controlfield>
    <marc:datafield ind1=" " ind2=" " tag="035">
  <marc:subfield code="a">(OCoLC)1198090828</marc:subfield>
</marc:datafield>
    <marc:datafield ind1=" " ind2=" " tag="035">
  <marc:subfield code="a">(OCoLC)on1198090828</marc:subfield>
</marc:datafield>
    <marc:datafield ind1=" " ind2=" " tag="040">
  <marc:subfield code="a">PAU</marc:subfield>
  <marc:subfield code="b">eng</marc:subfield>
  <marc:subfield code="c">PAU</marc:subfield>
  <marc:subfield code="e">amremm</marc:subfield>
</marc:datafield>
    <marc:datafield ind1="0" ind2=" " tag="041">
  <marc:subfield code="a">heb</marc:subfield>
  <marc:subfield code="a">ita</marc:subfield>
</marc:datafield>
    <marc:datafield ind1=" " ind2="9" tag="099">
  <marc:subfield code="a">CAJS Rar Ms 529</marc:subfield>
</marc:datafield>
    <marc:datafield ind1="0" ind2=" " tag="130">
  <marc:subfield code="6">880-01</marc:subfield>
  <marc:subfield code="a">Seder tefilot nidah, h&#x323;alah, hadlak&#x323;ah.</marc:subfield>
</marc:datafield>
    <marc:datafield ind1="1" ind2="0" tag="245">
  <marc:subfield code="6">880-02</marc:subfield>
  <marc:subfield code="a">Seder ha-tefilot she-&#x2BC;omerot ha-nashim k&#x323;odem le-mitsv&#x323;ot ha-mut&#x323;alot &#x2BB;alehen :</marc:subfield>
  <marc:subfield code="b">na. h&#x323;a. h. le-hitpalel lifne ha-mak&#x323;om &#x2BB;al benehen asher yaldu ...</marc:subfield>
</marc:datafield>
    <marc:datafield ind1=" " ind2=" " tag="260">
  <marc:subfield code="6">880-03</marc:subfield>
  <marc:subfield code="a">Gazzuolo,</marc:subfield>
  <marc:subfield code="c">1774 or 1775.</marc:subfield>
</marc:datafield>
    <marc:datafield ind1=" " ind2=" " tag="300">
  <marc:subfield code="a">28 leaves :</marc:subfield>
  <marc:subfield code="b">paper ;</marc:subfield>
  <marc:subfield code="c">109 x 80 mm.</marc:subfield>
</marc:datafield>
    <marc:datafield ind1=" " ind2=" " tag="500">
  <marc:subfield code="a">Ms. codex.</marc:subfield>
</marc:datafield>
    <marc:datafield ind1=" " ind2=" " tag="500">
  <marc:subfield code="a">Title from title page (f. 1r)</marc:subfield>
</marc:datafield>
    <marc:datafield ind1=" " ind2=" " tag="500">
  <marc:subfield code="a">Layout: Written in 12-13 lines.</marc:subfield>
</marc:datafield>
    <marc:datafield ind1=" " ind2=" " tag="500">
  <marc:subfield code="a">Script:  Written in a vocalized northern Italian square script in the hand of Yeh&#x323;i&#x2BC;el Menah&#x323;em ben Avraham Urbino, a scribe who was known to have written liturgical and synagogue items in northern Italy in the second half of eighteenth century.</marc:subfield>
</marc:datafield>
    <marc:datafield ind1=" " ind2=" " tag="500">
  <marc:subfield code="a">Decoration: Curtains and tassels on the title page in a design surrounding the opening text (f. 1r).</marc:subfield>
</marc:datafield>
    <marc:datafield ind1=" " ind2=" " tag="500">
  <marc:subfield code="a">Binding: Hard paper binding with brown leather spine; much of the spine is peeling, and corners of the boards bumped and peeling.</marc:subfield>
</marc:datafield>
    <marc:datafield ind1=" " ind2=" " tag="524">
  <marc:subfield code="a">UPenn CAJS Rar Ms 529.</marc:subfield>
</marc:datafield>
    <marc:datafield ind1=" " ind2=" " tag="546">
  <marc:subfield code="a">Hebrew, with instructions in Italian.</marc:subfield>
</marc:datafield>
    <marc:datafield ind1="1" ind2=" " tag="561">
  <marc:subfield code="a">Formerly owned by Leon Norza (signature on final leaf).</marc:subfield>
</marc:datafield>
    <marc:datafield ind1="1" ind2=" " tag="561">
  <marc:subfield code="a">Sold at auction at Kestenbaum &amp; Co. (New York), 12 November 2002, lot 476.</marc:subfield>
</marc:datafield>
    <marc:datafield ind1="1" ind2=" " tag="561">
  <marc:subfield code="a">Offered by 19th Century Rare Book and Photograph Shop (Brooklyn, New York), 2018.</marc:subfield>
</marc:datafield>
    <marc:datafield ind1="1" ind2=" " tag="561">
  <marc:subfield code="a">Gift of Stephan Loewentheil, 2020.</marc:subfield>
</marc:datafield>
    <marc:datafield ind1=" " ind2="0" tag="650">
  <marc:subfield code="a">Tehinnot.</marc:subfield>
</marc:datafield>
    <marc:datafield ind1=" " ind2="0" tag="650">
  <marc:subfield code="a">Fasts and feasts</marc:subfield>
  <marc:subfield code="x">Judaism</marc:subfield>
  <marc:subfield code="x">Liturgy</marc:subfield>
  <marc:subfield code="v">Texts.</marc:subfield>
</marc:datafield>
    <marc:datafield ind1=" " ind2="0" tag="650">
  <marc:subfield code="a">Pregnancy</marc:subfield>
  <marc:subfield code="x">Religious aspects</marc:subfield>
  <marc:subfield code="x">Judaism.</marc:subfield>
</marc:datafield>
    <marc:datafield ind1=" " ind2="0" tag="650">
  <marc:subfield code="a">Mikveh.</marc:subfield>
</marc:datafield>
    <marc:datafield ind1=" " ind2="0" tag="650">
  <marc:subfield code="a">Hallah.</marc:subfield>
</marc:datafield>
    <marc:datafield ind1=" " ind2="0" tag="650">
  <marc:subfield code="a">Jews</marc:subfield>
  <marc:subfield code="z">Italy</marc:subfield>
  <marc:subfield code="z">Gazzuolo</marc:subfield>
  <marc:subfield code="x">History</marc:subfield>
  <marc:subfield code="v">Sources.</marc:subfield>
</marc:datafield>
    <marc:datafield ind1=" " ind2="7" tag="655">
  <marc:subfield code="a">Prayer books.</marc:subfield>
  <marc:subfield code="2">aat</marc:subfield>
</marc:datafield>
    <marc:datafield ind1=" " ind2="7" tag="655">
  <marc:subfield code="a">Codices (bound manuscripts)</marc:subfield>
  <marc:subfield code="2">aat</marc:subfield>
</marc:datafield>
    <marc:datafield ind1=" " ind2="7" tag="655">
  <marc:subfield code="a">Manuscripts, Hebrew</marc:subfield>
  <marc:subfield code="y">18th century.</marc:subfield>
  <marc:subfield code="2">local</marc:subfield>
</marc:datafield>
    <marc:datafield ind1="1" ind2=" " tag="700">
  <marc:subfield code="6">880-04</marc:subfield>
  <marc:subfield code="a">Urbino, Yeh&#x323;i&#x2BC;el Menah&#x323;em ben Avraham,</marc:subfield>
  <marc:subfield code="e">scribe.</marc:subfield>
</marc:datafield>
    <marc:datafield ind1="1" ind2=" " tag="700">
  <marc:subfield code="a">Norza, Leon,</marc:subfield>
  <marc:subfield code="e">former owner.</marc:subfield>
</marc:datafield>
    <marc:datafield ind1="1" ind2=" " tag="700">
  <marc:subfield code="a">Loewentheil, Stephan,</marc:subfield>
  <marc:subfield code="e">donor.</marc:subfield>
</marc:datafield>
    <marc:datafield ind1=" " ind2=" " tag="852">
  <marc:subfield code="b">Library at the Herbert D. Katz Center for Advanced Judaic Studies</marc:subfield>
  <marc:subfield code="a">University of Pennsylvania</marc:subfield>
  <marc:subfield code="e">420 Walnut Street, Philadelphia, Pennsylvania 19106-3703.</marc:subfield>
  <marc:subfield code="j">CAJS Rar Ms 529</marc:subfield>
</marc:datafield>
    <marc:datafield ind1="4" ind2="1" tag="856">
  <marc:subfield code="z">Facsimile</marc:subfield>
  <marc:subfield code="u">https://colenda.library.upenn.edu/catalog/81431-p3cc0v08d</marc:subfield>
</marc:datafield>
    <marc:datafield ind1="0" ind2=" " tag="880">
  <marc:subfield code="6">130-01//r</marc:subfield>
  <marc:subfield code="a">&#x5E1;&#x5D3;&#x5E8; &#x5EA;&#x5E4;&#x5D9;&#x5DC;&#x5D5;&#x5EA; &#x5E0;&#x5D3;&#x5D4;, &#x5D7;&#x5DC;&#x5D4;, &#x5D4;&#x5D3;&#x5DC;&#x5E7;&#x5D4;.</marc:subfield>
</marc:datafield>
    <marc:datafield ind1="1" ind2="0" tag="880">
  <marc:subfield code="6">245-02//r</marc:subfield>
  <marc:subfield code="a">&#x5E1;&#x5D3;&#x5E8; &#x5D4;&#x5EA;&#x5E4;&#x5DC;&#x5D5;&#x5EA; &#x5E9;&#x5D0;&#x5D5;&#x5DE;&#x5E8;&#x5D5;&#x5EA; &#x5D4;&#x5E0;&#x5E9;&#x5D9;&#x5DD; &#x5E7;&#x5D5;&#x5D3;&#x5DD; &#x5DC;&#x5DE;&#x5E6;&#x5D5;&#x5EA; &#x5D4;&#x5DE;&#x5D5;&#x5D8;&#x5DC;&#x5D5;&#x5EA; &#x5E2;&#x5DC;&#x5D9;&#x5D4;&#x5DF; :</marc:subfield>
  <marc:subfield code="b">&#x5E0;&#x5D7;"&#x5D4; &#x5DC;&#x5D4;&#x5EA;&#x5E4;&#x5DC;&#x5DC; &#x5DC;&#x5E4;&#x5E0;&#x5D9; &#x5D4;&#x5DE;&#x5E7;&#x5D5;&#x5DD; &#x5E2;&#x5DC; &#x5D1;&#x5E0;&#x5D9;&#x5D4;&#x5DF; &#x5D0;&#x5E9;&#x5E8; &#x5D9;&#x5DC;&#x5D3;&#x5D5; ...</marc:subfield>
</marc:datafield>
    <marc:datafield ind1=" " ind2=" " tag="880">
  <marc:subfield code="6">260-03//r</marc:subfield>
  <marc:subfield code="a">&#x5D2;&#x5D0;&#x5D6;&#x5D5;&#x5DC;&#x5D5;,</marc:subfield>
  <marc:subfield code="c">&#x5EA;&#x5E7;&#x5DC;"&#x5D4;.</marc:subfield>
</marc:datafield>
    <marc:datafield ind1="1" ind2=" " tag="880">
  <marc:subfield code="6">700-04//r</marc:subfield>
  <marc:subfield code="a">&#x5D0;&#x5D5;&#x5E8;&#x5D1;&#x5D9;&#x5E0;&#x5D5;, &#x5D9;&#x5D7;&#x5D9;&#x5D0;&#x5DC; &#x5DE;&#x5E0;&#x5D7;&#x5DD; &#x5D1;&#x5DF; &#x5D0;&#x5D1;&#x5E8;&#x5D4;&#x5DD;.</marc:subfield>
</marc:datafield>
    <marc:datafield ind1=" " ind2=" " tag="880">
  <marc:subfield code="6">500-00//r</marc:subfield>
  <marc:subfield code="a">Origin: Written in Gazzuolo in the province of Mantua in northern Italy in 1774-1775 (chronogram: &#x5E9;&#x5E0;&#x5EA; &#x5E7;'&#x5D4;'&#x5DC;'&#x5EA;' &#x5DC;&#x5E4;"&#x5E7;).</marc:subfield>
</marc:datafield>
    <marc:datafield ind1=" " ind2=" " tag="880">
  <marc:subfield code="6">520-00//r</marc:subfield>
  <marc:subfield code="a">This is a manuscript of devotions for women for the women-only ordinations called na. h&#x323;a. h. (&#x5E0;&#x5D7;"&#x5D4;, nidah, h&#x323;alah, hadlak&#x323;ah); in this context, they are for milestones during pregnancy (such as prayers for the third trimester and the ninth month), the lighting of the Sabbath candles, the tithing of dough, and a final prayer said immediately before immersion in a mikvah (ritual bath). While these three commandments are widely known as the woman's commandments, many of the devotions are dedicated to the remedying difficulties surrounding childbirth and raising children and not to general womanhood. Many of the devotional  prayers are preceded by chapters or verses of the Psalms, with the exception of the final prayer for the night of immersion, and is a prayer for sons who become Torah scholars. Finally, the manuscript ends with prayers for a personal fast day (&#x5EA;&#x5E2;&#x5E0;&#x5D9;&#x5EA;  &#x5D9;&#x5D7;&#x5D9;&#x5D3;).</marc:subfield>
</marc:datafield>
    <marc:datafield ind1=" " ind2=" " tag="948">
  <marc:subfield code="h">HELD BY PAU - 0 OTHER HOLDINGS</marc:subfield>
</marc:datafield>
    <marc:datafield ind1=" " ind2=" " tag="994">
  <marc:subfield code="a">Z0</marc:subfield>
  <marc:subfield code="b">PAU</marc:subfield>
</marc:datafield>
    <marc:holdings>
      <marc:holding>
        <marc:holding_id>22647587150003681</marc:holding_id>
        <marc:call_number>CAJS Rar Ms 529</marc:call_number>
        <marc:library>KatzLib</marc:library>
        <marc:location>cjsrarms</marc:location>
      </marc:holding>
    </marc:holdings>
  </marc:record>
</marc:records>
